<?xml version="1.0" encoding="UTF-8"?>
<record xmlns="http://www.loc.gov/MARC21/slim" xmlns:xsi="http://www.w3.org/2001/XMLSchema-instance" xsi:schemaLocation="http://www.loc.gov/MARC21/slim http://www.loc.gov/standards/marcxml/schema/MARC21slim.xsd">
<leader>00000cam a22      a 4500</leader>
<controlfield tag="001">001916816</controlfield>
<controlfield tag="003">NNU</controlfield>
<controlfield tag="005">20150805175633.0</controlfield>
<controlfield tag="008">940606s1970    iq       b    000 0 ara</controlfield>
<datafield tag="010" ind1=" " ind2=" ">
<subfield code="a">   73219964</subfield>
</datafield>
<datafield tag="035" ind1=" " ind2=" ">
<subfield code="a">(OCoLC)30562217</subfield>
</datafield>
<datafield tag="040" ind1=" " ind2=" ">
<subfield code="a">DLC</subfield>
<subfield code="b">eng</subfield>
<subfield code="c">CUY</subfield>
<subfield code="d">CUY</subfield>
<subfield code="d">OCL</subfield>
<subfield code="d">OCLCQ</subfield>
<subfield code="d">OCLCF</subfield>
<subfield code="d">OCLCQ</subfield>
<subfield code="d">OCLCO</subfield>
<subfield code="d">NNU</subfield>
</datafield>
<datafield tag="043" ind1=" " ind2=" ">
<subfield code="a">aw-----</subfield>
<subfield code="a">ff-----</subfield>
<subfield code="a">e-sp---</subfield>
</datafield>
<datafield tag="050" ind1=" " ind2="4">
<subfield code="a">DS38.4.A2</subfield>
<subfield code="b">H34 1970</subfield>
</datafield>
<datafield tag="100" ind1="1" ind2=" ">
<subfield code="6">880-01</subfield>
<subfield code="a">Ḥāʼirī, Ṣādiq al-Sayyid.</subfield>
</datafield>
<datafield tag="245" ind1="1" ind2="3">
<subfield code="6">880-02</subfield>
<subfield code="a">al-Kashkūl /</subfield>
<subfield code="c">al-muʼallif: al-Sayyid Ṣādiq al-Ḥāʼiri.</subfield>
</datafield>
<datafield tag="250" ind1=" " ind2=" ">
<subfield code="6">880-03</subfield>
<subfield code="a">al-Ṭabʻah 1.</subfield>
</datafield>
<datafield tag="260" ind1=" " ind2=" ">
<subfield code="6">880-04</subfield>
<subfield code="a">al-Najaf :</subfield>
<subfield code="b">Maṭbaʻat al-Nuʻmān,</subfield>
<subfield code="c">1970.</subfield>
</datafield>
<datafield tag="300" ind1=" " ind2=" ">
<subfield code="a">3 volumes in 1. ;</subfield>
<subfield code="c">25 cm</subfield>
</datafield>
<datafield tag="336" ind1=" " ind2=" ">
<subfield code="a">text</subfield>
<subfield code="b">txt</subfield>
<subfield code="2">rdacontent</subfield>
</datafield>
<datafield tag="337" ind1=" " ind2=" ">
<subfield code="a">unmediated</subfield>
<subfield code="b">n</subfield>
<subfield code="2">rdamedia</subfield>
</datafield>
<datafield tag="338" ind1=" " ind2=" ">
<subfield code="a">volume</subfield>
<subfield code="b">nc</subfield>
<subfield code="2">rdacarrier</subfield>
</datafield>
<datafield tag="505" ind1="0" ind2=" ">
<subfield code="a">Juzʼ 1. Tarjamat al-aḥwāl wa-mā sanaḥ lil-muʼallif min tasṭīr baʻḍ mā maṭara fī kutub al-maghāzī -- Juzʼ 2. Tarjamat al-aḥwāl fīl-jumlah -- Juzʼ 3. al-Mutafarraqāt.</subfield>
</datafield>
<datafield tag="504" ind1=" " ind2=" ">
<subfield code="a">Includes bibliographical references (pages 151-153).</subfield>
</datafield>
<datafield tag="651" ind1=" " ind2="0">
<subfield code="a">Islamic Empire</subfield>
<subfield code="v">Biography.</subfield>
</datafield>
<datafield tag="651" ind1=" " ind2="7">
<subfield code="a">Islamic Empire.</subfield>
<subfield code="2">fast</subfield>
<subfield code="0">(OCoLC)fst01244134</subfield>
</datafield>
<datafield tag="655" ind1=" " ind2="7">
<subfield code="a">Biography.</subfield>
<subfield code="2">fast</subfield>
<subfield code="0">(OCoLC)fst01423686</subfield>
</datafield>
<datafield tag="880" ind1="1" ind2=" ">
<subfield code="6">100-01/</subfield>
<subfield code="a">حائري، السيد صادق.</subfield>
</datafield>
<datafield tag="880" ind1="1" ind2="2">
<subfield code="6">245-02/</subfield>
<subfield code="a">الكشكول /</subfield>
<subfield code="c">المؤلف السيد صادق الحائري.</subfield>
</datafield>
<datafield tag="880" ind1=" " ind2=" ">
<subfield code="6">250-03/</subfield>
<subfield code="a">الطبعة ١.</subfield>
</datafield>
<datafield tag="880" ind1=" " ind2=" ">
<subfield code="6">260-04/</subfield>
<subfield code="a">النجف :</subfield>
<subfield code="b">مطبعة النعمان،</subfield>
<subfield code="c">١٩٧٠.</subfield>
</datafield>
<datafield tag="OWN" ind1=" " ind2=" ">
<subfield code="a">GENERAL</subfield>
</datafield>
<datafield tag="AVA" ind1=" " ind2=" ">
<subfield code="a">NYU50</subfield>
<subfield code="b">BOBST</subfield>
<subfield code="c">Main Collection</subfield>
<subfield code="d">DS38.4.A2 H34</subfield>
<subfield code="e">unavailable</subfield>
<subfield code="t">Unavailable</subfield>
<subfield code="f">1</subfield>
<subfield code="g">1</subfield>
<subfield code="h">N</subfield>
<subfield code="i">0</subfield>
<subfield code="j">MAIN</subfield>
<subfield code="k">0</subfield>
</datafield>
</record>
